@article{introduction_biometric, author={Anil K. Jain and Arun Ross and Salil Prabhakar}, title={An Introduction to Biometric Recognition}, journal={IEEE Transactions on Circuits and Systems for Video Technology}, volume={14}, number={1}, year={2004}, pages={4-5}, DOI={10.1109/TCSVT.2003.818349}}

